<record><leader>00000cas a22000007a 4500</leader><controlfield tag="001">18549349</controlfield><controlfield tag="008">880930d19631968mduwr ne      0    0eng d</controlfield><datafield ind1=" " ind2=" " tag="010"><subfield code="a">sn 88065108 </subfield></datafield><datafield ind1=" " ind2=" " tag="040"><subfield code="a">MFN</subfield><subfield code="b">eng</subfield><subfield code="c">MFN</subfield><subfield code="d">OCLCQ</subfield></datafield><datafield ind1=" " ind2=" " tag="042"><subfield code="a">msc</subfield></datafield><datafield ind1="0" ind2="0" tag="245"><subfield code="a">Eastern beacon &amp; Baltimore countian.</subfield></datafield><datafield ind1="3" ind2="0" tag="246"><subfield code="a">Eastern beacon and Baltimore countian</subfield></datafield><datafield ind1=" " ind2=" " tag="260"><subfield code="a">Baltimore, Md. :</subfield><subfield code="b">Stromberg Pub.</subfield></datafield><datafield ind1=" " ind2=" " tag="300"><subfield code="a">v.</subfield></datafield><datafield ind1=" " ind2=" " tag="310"><subfield code="a">Weekly</subfield></datafield><datafield ind1="1" ind2=" " tag="362"><subfield code="a">Began in 1963?</subfield></datafield><datafield ind1="0" ind2=" " tag="362"><subfield code="a">-v. 6, no. 30 (Mar. 27, 1968).</subfield></datafield><datafield ind1=" " ind2=" " tag="500"><subfield code="a">Published at Essex, Md., Oct. 26, 1966-1968.</subfield></datafield><datafield ind1=" " ind2=" " tag="588"><subfield code="a">Description based on: Vol. 3, no. 23 (Feb. 10, 1965).</subfield></datafield><datafield ind1=" " ind2=" " tag="752"><subfield code="a">United States</subfield><subfield code="b">Maryland</subfield><subfield code="d">Baltimore.</subfield></datafield><datafield ind1=" " ind2=" " tag="752"><subfield code="a">United States</subfield><subfield code="b">Maryland</subfield><subfield code="c">Baltimore</subfield><subfield code="d">Essex.</subfield></datafield><datafield ind1="0" ind2="0" tag="785"><subfield code="t">Essex times &amp; eastern beacon</subfield><subfield code="w">(DLC)sn 88065107</subfield></datafield><datafield ind1="1" ind2=" " tag="029"><subfield code="a">AU@</subfield><subfield code="b">000025826753</subfield></datafield></record>